@BOOK{
    CReference,
    author    = {{Samuel P. Harbison, Guy L. Steele}},
    title     = {C: A Reference Manual},
    publisher = {Prentice Hall PTR},
    year      = {2002},
    isbn      = {978-0130895929},
    edition   = 5
}

